@MISC{koren,
	author = "Yehuda Koren and Robert Bell and Chris Volinsky",
	title = "MATRIX FACTORIZATION TECHNIQUES FOR RECOMMENDER SYSTEMS",
	year = "2009"
}
@inproceedings{mnih,
	title={Probabilistic matrix factorization},
	author={Salakhutdinov, Ruslan and Mnih, Andriy},
	year={2011},
	organization={Citeseer}
}